<?xml version="1.0" encoding="UTF-8"?><collection xmlns="http://www.loc.gov/MARC21/slim"><record><leader>00440nam--2200181-u-4500</leader><controlfield tag="001">000055117</controlfield><controlfield tag="002">20161230</controlfield><controlfield tag="005">20161230201052</controlfield><controlfield tag="008">121105s1000------------r-----000-0-rus-d</controlfield><datafield ind1=" " ind2=" " tag="040"><subfield code="a">IFIN-HH</subfield></datafield><datafield ind1=" " ind2=" " tag="041"><subfield code="a">rus</subfield></datafield><datafield ind1=" " ind2=" " tag="080"><subfield code="a">538.975.621.315.592</subfield></datafield><datafield ind1="1" ind2=" " tag="100" /><datafield ind1="1" ind2="0" tag="245"><subfield code="a">Opticeskie issledovania polurovodnikov</subfield></datafield><datafield ind1=" " ind2=" " tag="260"><subfield code="a">Sverdlovsk</subfield><subfield code="b">Akademia Nauk Sssr</subfield><subfield code="c">1980</subfield></datafield><datafield ind1=" " ind2=" " tag="300"><subfield code="a">112P</subfield></datafield><datafield ind1=" " ind2=" " tag="852"><subfield code="a">70003</subfield><subfield code="c">539.2</subfield></datafield><datafield ind1=" " ind2=" " tag="CAT"><subfield code="a">Sys</subfield><subfield code="c">20121105</subfield><subfield code="h">113213</subfield></datafield></record></collection>